@article{buenaposada2001variations,
  title={Variations of Grey World for face tracking},
  author={Buenaposada, Jos{\'e} M and Baumela, Luis},
  journal={Image Processing \& Communications},
  volume={7},
  number={3-4},
  pages={51--61},
  year={2001},
  publisher={Citeseer}
}
@inproceedings{finlayson1998comprehensive,
  title={Comprehensive colour image normalization},
  author={Finlayson, Graham D and Schiele, Bernt and Crowley, James L},
  booktitle={European conference on computer vision},
  pages={475--490},
  year={1998},
  organization={Springer}
}
@inproceedings{goatman2003colour,
  title={Colour normalisation of retinal images},
  author={Goatman, Keith A and Whitwam, A David and Manivannan, A and Olson, John A and Sharp, Peter F},
  booktitle={Proceedings of medical image understanding and analysis},
  pages={49--52},
  year={2003}
}

